@Article{zanghellini2004testing,
  author  = {Zanghellini, J{\"u}rgen and Kitzler, Markus and Brabec, Thomas and Scrinzi, Armin},
  title   = {Testing the multi-configuration time-dependent Hartree--Fock method},
  journal = {J. Phys. B: At. Mol. Opt. Phys.},
  year    = {2004},
  volume  = {37},
  number  = {4},
  pages   = {763}
}

@Book{nielsen2010quantum,
  author    = {Nielsen, Michael A. and Chuang, Isaac L.},
  title     = {Quantum Computation and Quantum Information},
  publisher = {Cambridge University Press},
  year      = {2010}
}

@Article{hochstuhl2014time,
  author  = {Hochstuhl, David and Hinz, Christopher M. and Bonitz, Michael},
  title   = {Time-dependent multiconfiguration methods for the numerical simulation of photoionization processes of many-electron atoms},
  journal = {Eur. Phys. J. Spec. Top.},
  year    = {2014},
  volume  = {223},
  number  = {2},
  pages   = {177--336}
}

@Article{dirac_1939,
  author  = {Dirac, P. A. M.},
  title   = {A new notation for quantum mechanics},
  journal = {Math. Proc. Cambridge Philos. Soc.},
  year    = {1939},
  volume  = {35},
  number  = {3},
  pages   = {416--418},
  doi     = {10.1017/S0305004100021162}
}

@Book{hunter2001applied,
  author    = {Hunter, John K. and Nachtergaele, Bruno},
  title     = {Applied Analysis},
  publisher = {World Scientific Publishing Company},
  year      = {2001}
}

@Book{Horn_Johnson_2012,
  author    = {Horn, Roger A. and Johnson, Charles R.},
  title     = {Matrix Analysis},
  publisher = {Cambridge University Press},
  year      = {2012},
  edition   = {2}
}

@Book{helgaker2013molecular,
  author    = {Helgaker, Trygve and Jorgensen, Poul and Olsen, Jeppe},
  title     = {Molecular Electronic-Structure Theory},
  publisher = {John Wiley \& Sons},
  year      = {2013}
}

@Article{fock1932konfigurationsraum,
  author  = {Fock, Vladimir},
  title   = {Konfigurationsraum und zweite Quantelung},
  journal = {Z. Phys.},
  year    = {1932},
  volume  = {75},
  number  = {9},
  pages   = {622--647}
}

@Book{szabo1996modern,
  author    = {Szabo, Attila and Ostlund, Neil S.},
  title     = {Modern Quantum Chemistry: Introduction to Advanced Electronic Structure Theory},
  publisher = {Courier Corporation},
  year      = {1996}
}

@Article{Yuan_2017,
  author  = {Yuan, Fei and Novario, Samuel J. and Parzuchowski, Nathan M. and Reimann, Sarah and Bogner, S. K. and Hjorth-Jensen, Morten},
  title   = {Addition and Removal Energies of Circular Quantum Dots},
  journal = {J. Chem. Phys.},
  year    = {2017},
  volume  = {147},
  number  = {16},
  doi     = {10.1063/1.4995615}
}

@Article{morse1929diatomic,
  author  = {Morse, Philip M.},
  title   = {Diatomic Molecules According to the Wave Mechanics. II. Vibrational Levels},
  journal = {Phys. Rev.},
  year    = {1929},
  volume  = {34},
  number  = {1},
  pages   = {57--64},
  doi     = {10.1103/PhysRev.34.57}
}

@Article{zhai2018constructing,
  author  = {Zhai, Yu and Li, Hui and Le Roy, Robert J.},
  title   = {Constructing High-Accuracy Intermolecular Potential Energy Surface with Multi-Dimension Morse/Long-Range Model},
  journal = {Mol. Phys.},
  year    = {2018},
  volume  = {116},
  number  = {7--8},
  pages   = {843--853}
}

@Article{nazir2005anticrossings,
  author  = {Nazir, Ahsan and Lovett, Brendon W. and Barrett, Sean D. and Reina, John H. and Briggs, G. Andrew D.},
  title   = {Anticrossings in F{\"o}rster Coupled Quantum Dots},
  journal = {Phys. Rev. B},
  year    = {2005},
  volume  = {71},
  number  = {4},
  pages   = {045334}
}

@Article{2020SciPy-NMeth,
  author  = {Virtanen, Pauli and Gommers, Ralf and Oliphant, Travis E. and Haberland, Matt and Reddy, Tyler and Cournapeau, David and Burovski, Evgeni and Peterson, Pearu and Weckesser, Warren and Bright, Jonathan and van der Walt, St{\'e}fan J. and Brett, Matthew and Wilson, Joshua and Millman, K. Jarrod and Mayorov, Nikolay and Nelson, Andrew R. J. and Jones, Eric and Kern, Robert and Larson, Eric and Carey, C. J. and Polat, {\.I}lhan and Feng, Yu and Moore, Eric W. and VanderPlas, Jake and Laxalde, Denis and Perktold, Josef and Cimrman, Robert and Henriksen, Ian and Quintero, E. A. and Harris, Charles R. and Archibald, Anne M. and Ribeiro, Ant{\^o}nio H. and Pedregosa, Fabian and van Mulbregt, Paul and SciPy 1.0 Contributors},
  title   = {SciPy 1.0: Fundamental Algorithms for Scientific Computing in Python},
  journal = {Nat. Methods},
  year    = {2020},
  volume  = {17},
  pages   = {261--272},
  doi     = {10.1038/s41592-019-0686-2}
}

@Misc{razh_cobyqa,
  author = {Ragonneau, T. M. and Zhang, Z.},
  title  = {COBYQA Version 1.1.2},
  year   = {2024}
}

@Article{leinonen2024coulomb,
  author  = {Beysengulov, Niyaz R. and Sch{\o}yen, {\O}yvind S. and Bilek, Stian D. and Flaten, Jonas B. and Leinonen, Oskar and Hjorth-Jensen, Morten and Pollanen, Johannes and Kristiansen, H{\aa}kon Emil and Stewart, Zachary J. and Weidman, Jared D. and others},
  title   = {Coulomb Interaction-Driven Entanglement of Electrons on Helium},
  journal = {PRX Quantum},
  year    = {2024},
  volume  = {5},
  number  = {3},
  pages   = {030324}
}

@Article{zener1932non,
  author  = {Zener, Clarence},
  title   = {Non-adiabatic Crossing of Energy Levels},
  journal = {Proc. R. Soc. Lond. A},
  year    = {1932},
  volume  = {137},
  number  = {833},
  pages   = {696--702}
}

@Article{landau1932theorie,
  author  = {Landau, Lev},
  title   = {Zur Theorie der Energieübertragung. II},
  journal = {Phys. Z. Sowjetunion},
  year    = {1932},
  volume  = {2},
  pages   = {46}
}

@Article{born1928beweis,
  author  = {Born, Max and Fock, Vladimir},
  title   = {Beweis des Adiabatensatzes},
  journal = {Z. Phys.},
  year    = {1928},
  volume  = {51},
  number  = {3},
  pages   = {165--180}
}

@Book{sakurai1986modern,
  author    = {Sakurai, Jun John and Fu Tuan, San and Newton, Roger G.},
  title     = {Modern Quantum Mechanics},
  publisher = {American Institute of Physics},
  year      = {1986}
}

@Article{EPR_1935,
  author  = {Einstein, A. and Podolsky, B. and Rosen, N.},
  title   = {Can Quantum-Mechanical Description of Physical Reality Be Considered Complete?},
  journal = {Phys. Rev.},
  year    = {1935},
  volume  = {47},
  number  = {10},
  pages   = {777--780},
  doi     = {10.1103/PhysRev.47.777}
}

@Article{Schrödinger_1935,
  author  = {Schr{\"o}dinger, E.},
  title   = {Die gegenwärtige Situation in der Quantenmechanik},
  journal = {Naturwissenschaften},
  year    = {1935},
  volume  = {23},
  number  = {48},
  pages   = {807--812},
  doi     = {10.1007/BF01491891}
}

@Article{neumann1927,
  author  = {Neumann, J von},
  title   = {Wahrscheinlichkeitstheoretischer Aufbau der Quantenmechanik},
  journal = {Nachr. Ges. Wiss. G{\"o}ttingen, Math.-Phys. Kl.},
  year    = {1927},
  volume  = {1927},
  pages   = {245--272}
}

@Article{Al-Mohy_Higham_2010,
  author  = {Al-Mohy, Awad H. and Higham, Nicholas J.},
  title   = {A New Scaling and Squaring Algorithm for the Matrix Exponential},
  journal = {SIAM J. Matrix Anal. Appl.},
  year    = {2010},
  volume  = {31},
  number  = {3},
  pages   = {970--989},
  doi     = {10.1137/09074721X}
}

@Article{colbert1992novel,
  author  = {Colbert, Daniel T. and Miller, William H.},
  title   = {A Novel Discrete Variable Representation for Quantum Mechanical Reactive Scattering via the S‐Matrix Kohn Method},
  journal = {J. Chem. Phys.},
  year    = {1992},
  volume  = {96},
  number  = {3},
  pages   = {1982--1991}
}

@Article{light1985generalized,
  author  = {Light, J.~C. and Hamilton, I.~P. and Lill, J.~V.},
  title   = {Generalized Discrete Variable Approximation in Quantum Mechanics},
  journal = {J. Chem. Phys.},
  year    = {1985},
  volume  = {82},
  number  = {3},
  pages   = {1400--1409}
}

@Article{light2000discrete,
  author  = {Light, John C. and Carrington Jr., Tucker},
  title   = {Discrete‐Variable Representations and Their Utilization},
  journal = {Adv. Chem. Phys.},
  year    = {2000},
  volume  = {114},
  pages   = {263--310}
}


@Book{griffiths2018introduction,
  author    = {Griffiths, David J. and Schroeter, Darrell F.},
  title     = {Introduction to Quantum Mechanics},
  publisher = {Cambridge University Press},
  year      = {2018}
}

@Book{berera2021quantum,
  author    = {Berera, Arjun and Del Debbio, Luigi},
  title     = {Quantum Mechanics},
  publisher = {Cambridge University Press},
  year      = {2021}
}

@Book{kittel2018introduction,
  author    = {Kittel, Charles and McEuen, Paul},
  title     = {Introduction to Solid State Physics},
  publisher = {John Wiley \& Sons},
  year      = {2018}
}

@Article{baroni2001phonons,
  author  = {Baroni, Stefano and De Gironcoli, Stefano and Dal Corso, Andrea and Giannozzi, Paolo},
  title   = {Phonons and Related Crystal Properties from Density-Functional Perturbation Theory},
  journal = {Rev. Mod. Phys.},
  year    = {2001},
  volume  = {73},
  number  = {2},
  pages   = {515}
}

@Book{shavitt2009many,
  author    = {Shavitt, Isaiah and Bartlett, Rodney J.},
  title     = {Many-Body Methods in Chemistry and Physics: MBPT and Coupled-Cluster Theory},
  publisher = {Cambridge University Press},
  year      = {2009}
}

@Book{pethick2008bose,
  author    = {Pethick, Christopher J. and Smith, Henrik},
  title     = {Bose–Einstein Condensation in Dilute Gases},
  publisher = {Cambridge University Press},
  year      = {2008}
}

@Article{Born_Oppenheimer_1927,
  author  = {Born, M. and Oppenheimer, R.},
  title   = {Zur Quantentheorie der Molekeln},
  journal = {Ann. Phys.},
  year    = {1927},
  volume  = {389},
  number  = {20},
  pages   = {457--484},
  doi     = {10.1002/andp.19273892002}
}

@Article{devoret2013superconducting,
  author  = {Devoret, Michel H. and Schoelkopf, Robert J.},
  title   = {Superconducting Circuits for Quantum Information: An Outlook},
  journal = {Science},
  year    = {2013},
  volume  = {339},
  number  = {6124},
  pages   = {1169--1174}
}

@Article{hayrapetyan2015exciton,
  author  = {Hayrapetyan, D. B. and Kazaryan, E. M. and Kotanjyan, T. V. and Tevosyan, H. Kh.},
  title   = {Exciton States and Interband Absorption of Cylindrical Quantum Dot with Morse Confining Potential},
  journal = {Superlattices Microstruct.},
  year    = {2015},
  volume  = {78},
  pages   = {40--49}
}

@Article{khordad2014linear,
  author  = {Khordad, R. and Mirhosseini, B.},
  title   = {Linear and Nonlinear Optical Properties in Spherical Quantum Dots: Rosen–Morse Potential},
  journal = {Opt. Spectrosc.},
  year    = {2014},
  volume  = {117},
  pages   = {434--440}
}

@Article{sargsian2021effects,
  author  = {Sargsian, T. A. and Mkrtchyan, M. A. and Sarkisyan, H. A. and Hayrapetyan, D. B.},
  title   = {Effects of External Electric and Magnetic Fields on the Linear and Nonlinear Optical Properties of InAs Cylindrical Quantum Dot with Modified Pöschl–Teller and Morse Confinement Potentials},
  journal = {Phys. E},
  year    = {2021},
  volume  = {126},
  pages   = {114440}
}

@Book{atkins2011molecular,
  author    = {Atkins, Peter W. and Friedman, Ronald S.},
  title     = {Molecular Quantum Mechanics},
  publisher = {Oxford University Press},
  year      = {2011}
}

@Article{bouwmeester1997experimental,
  author  = {Bouwmeester, Dik and Pan, Jian-Wei and Mattle, Klaus and Eibl, Manfred and Weinfurter, Harald and Zeilinger, Anton},
  title   = {Experimental Quantum Teleportation},
  journal = {Nature},
  year    = {1997},
  volume  = {390},
  number  = {6660},
  pages   = {575--579}
}

@Article{gisin2002quantum,
  author  = {Gisin, Nicolas and Ribordy, Gr{\'e}goire and Tittel, Wolfgang and Zbinden, Hugo},
  title   = {Quantum Cryptography},
  journal = {Rev. Mod. Phys.},
  year    = {2002},
  volume  = {74},
  number  = {1},
  pages   = {145}
}

@Article{nichol2017high,
  author  = {Nichol, John M. and Orona, Lucas A. and Harvey, Shannon P. and Fallahi, Saeed and Gardner, Geoffrey C. and Manfra, Michael J. and Yacoby, Amir},
  title   = {High-Fidelity Entangling Gate for Double-Quantum-Dot Spin Qubits},
  journal = {npj Quantum Inf.},
  year    = {2017},
  volume  = {3},
  number  = {1},
  pages   = {3}
}

@Article{tanamoto2008efficient,
  author  = {Tanamoto, Tetsufumi and Maruyama, Koji and Liu, Yu-Xi and Hu, Xuedong and Nori, Franco},
  title   = {Efficient Purification Protocols Using iSWAP Gates in Solid-State Qubits},
  journal = {Phys. Rev. A},
  year    = {2008},
  volume  = {78},
  number  = {6},
  pages   = {062313}
}

@InProceedings{shor1996fault,
  author    = {Shor, Peter W.},
  title     = {Fault-Tolerant Quantum Computation},
  booktitle = {Proc. 37th IEEE Conf. Found. Comput. Sci.},
  year      = {1996},
  pages     = {56--65}
}

@Article{picard2025entanglement,
  author  = {Picard, Lewis R. B. and Park, Annie J. and Patenotte, Gabriel E. and Gebretsadkan, Samuel and Wellnitz, David and Rey, Ana Maria and Ni, Kang-Kuen},
  title   = {Entanglement and iSWAP Gate Between Molecular Qubits},
  journal = {Nature},
  year    = {2025},
  volume  = {637},
  number  = {8047},
  pages   = {821--826}
}

@Article{lau2022nisq,
  author  = {Lau, Jonathan Wei Zhong and Lim, Kian Hwee and Shrotriya, Harshank and Kwek, Leong Chuan},
  title   = {NISQ Computing: Where Are We and Where Do We Go?},
  journal = {AAPPS Bull.},
  year    = {2022},
  volume  = {32},
  number  = {1},
  pages   = {27}
}

@Book{strang2000linear,
  author    = {Strang, Gilbert},
  title     = {Linear Algebra and Its Applications},
  year      = {2000}
}

@Article{huang1983controllability,
  author  = {Huang, Garng M. and Tarn, Tzyh J. and Clark, John W.},
  title   = {On the Controllability of Quantum-Mechanical Systems},
  journal = {J. Math. Phys.},
  year    = {1983},
  volume  = {24},
  number  = {11},
  pages   = {2608--2618}
}

@Book{d2021introduction,
  author    = {d’Alessandro, Domenico},
  title     = {Introduction to Quantum Control and Dynamics},
  publisher = {Chapman \& Hall/CRC},
  year      = {2021}
}

@Article{yin2020entanglement,
  author  = {Yin, Juan and Li, Yu-Huai and Liao, Sheng-Kai and Yang, Meng and Cao, Yuan and Zhang, Liang and Ren, Ji-Gang and Cai, Wen-Qi and Liu, Wei-Yue and Li, Shuang-Lin and others},
  title   = {Entanglement-Based Secure Quantum Cryptography Over 1,120 Kilometres},
  journal = {Nature},
  year    = {2020},
  volume  = {582},
  number  = {7813},
  pages   = {501--505}
}

@Article{ku2020suppression,
  author  = {Ku, Jaseung and Xu, Xuexin and Brink, Markus and McKay, David C. and Hertzberg, Jared B. and Ansari, Mohammad H. and Plourde, B. L. T.},
  title   = {Suppression of Unwanted ZZ Interactions in a Hybrid Two-Qubit System},
  journal = {Phys. Rev. Lett.},
  year    = {2020},
  volume  = {125},
  number  = {20},
  pages   = {200504}
}

@Book{jacak2013quantum,
  author    = {Jacak, Lucjan and Hawrylak, Pawel and Wojs, Arkadiusz},
  title     = {Quantum Dots},
  publisher = {Springer Science \& Business Media},
  year      = {2013}
}

@Article{garcia2021semiconductor,
  author  = {Garc{\'\i}a de Arquer, F. Pelayo and Talapin, Dmitri V. and Klimov, Victor I. and Arakawa, Yasuhiko and Bayer, Manfred and Sargent, Edward H.},
  title   = {Semiconductor Quantum Dots: Technological Progress and Future Challenges},
  journal = {Science},
  year    = {2021},
  volume  = {373},
  number  = {6555},
}

@Article{petta2005coherent,
  author  = {Petta, Jason R. and Johnson, Alexander C. and Taylor, Jacob M. and Laird, Edward A. and Yacoby, Amir and Lukin, Mikhail D. and Marcus, Charles M. and Hanson, Micah P. and Gossard, Arthur C.},
  title   = {Coherent Manipulation of Coupled Electron Spins in Semiconductor Quantum Dots},
  journal = {Science},
  year    = {2005},
  volume  = {309},
  number  = {5744},
  pages   = {2180--2184}
}

@Book{higham2008functions,
  author    = {Higham, Nicholas J.},
  title     = {Functions of Matrices: Theory and Computation},
  publisher = {SIAM},
  year      = {2008}
}

@Article{moler2003nineteen,
  author  = {Moler, Cleve and Van Loan, Charles},
  title   = {Nineteen Dubious Ways to Compute the Exponential of a Matrix, Twenty-Five Years Later},
  journal = {SIAM Rev.},
  year    = {2003},
  volume  = {45},
  number  = {1},
  pages   = {3--49}
}

@Article{mcdermott2014accurate,
  author  = {McDermott, R. and Vavilov, M. G.},
  title   = {Accurate Qubit Control with Single Flux Quantum Pulses},
  journal = {Phys. Rev. Appl.},
  year    = {2014},
  volume  = {2},
  number  = {1},
  pages   = {014007}
}

@Article{pedersen2007fidelity,
  author  = {Pedersen, Line Hjortsh{\o}j and M{\o}ller, Niels Martin and M{\o}lmer, Klaus},
  title   = {Fidelity of Quantum Operations},
  journal = {Phys. Lett. A},
  year    = {2007},
  volume  = {367},
  number  = {1--2},
  pages   = {47--51}
}

@Article{bhattacharyya1943measure,
  author  = {Bhattacharyya, Anil},
  title   = {On a Measure of Divergence Between Two Statistical Populations Defined by Their Probability Distribution},
  journal = {Bull. Calcutta Math. Soc.},
  year    = {1943},
  volume  = {35},
  pages   = {99--110}
}

@Book{piela2006ideas,
  author    = {Piela, Lucjan},
  title     = {Ideas of Quantum Chemistry},
  publisher = {Elsevier},
  year      = {2006}
}

@Article{zyczkowski2005average,
  author  = {{\.Z}yczkowski, Karol and Sommers, Hans-J{\"u}rgen},
  title   = {Average Fidelity Between Random Quantum States},
  journal = {Phys. Rev. A},
  year    = {2005},
  volume  = {71},
  number  = {3},
  pages   = {032313}
}

@Article{shor1999polynomial,
  author  = {Shor, Peter W.},
  title   = {Polynomial-Time Algorithms for Prime Factorization and Discrete Logarithms on a Quantum Computer},
  journal = {SIAM Rev.},
  year    = {1999},
  volume  = {41},
  number  = {2},
  pages   = {303--332}
}

@InProceedings{grover1996fast,
  author    = {Grover, Lov K.},
  title     = {A Fast Quantum Mechanical Algorithm for Database Search},
  booktitle = {Proc. 28th ACM Symp. Theory Comput.},
  year      = {1996},
  pages     = {212--219}
}

@Article{daley2022practical,
  author  = {Daley, Andrew J. and Bloch, Immanuel and Kokail, Christian and Flannigan, Stuart and Pearson, Natalie and Troyer, Matthias and Zoller, Peter},
  title   = {Practical Quantum Advantage in Quantum Simulation},
  journal = {Nature},
  year    = {2022},
  volume  = {607},
  number  = {7920},
  pages   = {667--676}
}

@Article{zhang2018qubits,
  author  = {Zhang, Xin and Li, Hai-Ou and Wang, Ke and Cao, Gang and Xiao, Ming and Guo, Guo-Ping},
  title   = {Qubits Based on Semiconductor Quantum Dots},
  journal = {Chin. Phys. B},
  year    = {2018},
  volume  = {27},
  number  = {2},
  pages   = {020305}
}

@Article{yoneda2018quantum,
  author  = {Yoneda, Jun and Takeda, Kenta and Otsuka, Tomohiro and Nakajima, Takashi and Delbecq, Matthieu R. and Allison, Giles and Honda, Takumu and Kodera, Tetsuo and Oda, Shunri and Hoshi, Yusuke and others},
  title   = {A Quantum-Dot Spin Qubit with Coherence Limited by Charge Noise and Fidelity Higher than 99.9\%},
  journal = {Nat. Nanotechnol.},
  year    = {2018},
  volume  = {13},
  number  = {2},
  pages   = {102--106}
}

@Article{kuhlmann2013charge,
  author  = {Kuhlmann, Andreas V. and Houel, Julien and Ludwig, Arne and Greuter, Lukas and Reuter, Dirk and Wieck, Andreas D. and Poggio, Martino and Warburton, Richard J.},
  title   = {Charge Noise and Spin Noise in a Semiconductor Quantum Device},
  journal = {Nat. Phys.},
  year    = {2013},
  volume  = {9},
  number  = {9},
  pages   = {570--575}
}

@Article{veldhorst2014addressable,
  author  = {Veldhorst, M. and Hwang, J.~C.~C. and Yang, C.~H. and Leenstra, A.~W. and de Ronde, Bob and Dehollain, J.~P. and Muhonen, J.~T. and Hudson, F.~E. and Itoh, Kohei M. and Morello, A.~t. and others},
  title   = {An Addressable Quantum Dot Qubit with Fault-Tolerant Control-Fidelity},
  journal = {Nat. Nanotechnol.},
  year    = {2014},
  volume  = {9},
  number  = {12},
  pages   = {981--985}
}

@Article{loss1998quantum,
  author  = {Loss, Daniel and DiVincenzo, David P.},
  title   = {Quantum Computation with Quantum Dots},
  journal = {Phys. Rev. A},
  year    = {1998},
  volume  = {57},
  number  = {1},
  pages   = {120}
}

@Article{burkard1999coupled,
  author  = {Burkard, Guido and Loss, Daniel and DiVincenzo, David P.},
  title   = {Coupled Quantum Dots as Quantum Gates},
  journal = {Phys. Rev. B},
  year    = {1999},
  volume  = {59},
  number  = {3},
  pages   = {2070}
}

@Article{weber2012engineering,
  author  = {Weber, Bent and Mahapatra, Suddhasatta and Watson, Thomas F. and Simmons, Michelle Y.},
  title   = {Engineering Independent Electrostatic Control of Atomic-Scale (~4 nm) Silicon Double Quantum Dots},
  journal = {Nano Lett.},
  year    = {2012},
  volume  = {12},
  number  = {8},
  pages   = {4001--4006}
}

@Article{gorman2005charge,
  author  = {Gorman, J. and Hasko, D.~G. and Williams, D.~A.},
  title   = {Charge-Qubit Operation of an Isolated Double Quantum Dot},
  journal = {Phys. Rev. Lett.},
  year    = {2005},
  volume  = {95},
  number  = {9},
  pages   = {090502}
}

@Article{kim2015microwave,
  author  = {Kim, Dohun and Ward, D.~R. and Simmons, C.~B. and Gamble, John K. and Blume-Kohout, Robin and Nielsen, Erik and Savage, D.~E. and Lagally, M.~G. and Friesen, Mark and Coppersmith, S.~N. and others},
  title   = {Microwave-Driven Coherent Operation of a Semiconductor Quantum Dot Charge Qubit},
  journal = {Nat. Nanotechnol.},
  year    = {2015},
  volume  = {10},
  number  = {3},
  pages   = {243--247}
}

@Article{terna2021future,
  author  = {Terna, Augustine D. and Elemike, Elias E. and Mbonu, Justina I. and Osafile, Omosede E. and Ezeani, Rachael O.},
  title   = {The Future of Semiconductor Nanoparticles: Synthesis, Properties and Applications},
  journal = {Mater. Sci. Eng. B},
  year    = {2021},
  volume  = {272},
  pages   = {115363}
}

@Article{heinz2021crosstalk,
  author  = {Heinz, Irina and Burkard, Guido},
  title   = {Crosstalk Analysis for Single-Qubit and Two-Qubit Gates in Spin Qubit Arrays},
  journal = {Phys. Rev. B},
  year    = {2021},
  volume  = {104},
  number  = {4},
  pages   = {045420}
}

@Article{stano2022review,
  author  = {Stano, Peter and Loss, Daniel},
  title   = {Review of Performance Metrics of Spin Qubits in Gated Semiconducting Nanostructures},
  journal = {Nat. Rev. Phys.},
  year    = {2022},
  volume  = {4},
  number  = {10},
  pages   = {672--688}
}

@Article{xue2022quantum,
  author  = {Xue, Xiao and Russ, Maximilian and Samkharadze, Nodar and Undseth, Brennan and Sammak, Amir and Scappucci, Giordano and Vandersypen, Lieven M. K.},
  title   = {Quantum Logic with Spin Qubits Crossing the Surface Code Threshold},
  journal = {Nature},
  year    = {2022},
  volume  = {601},
  number  = {7893},
  pages   = {343--347}
}

@Misc{apanavicius2021morse,
  author = {Apanavicius, Josh and Feng, Yuan and Flores, Yasmin and Hassan, Mohammad and McGuigan, Michael},
  title  = {Morse Potential on a Quantum Computer for Molecules and Supersymmetric Quantum Mechanics},
  year   = {2021}
}

@Article{car1985unified,
  author  = {Car, Richard and Parrinello, Mark},
  title   = {Unified Approach for Molecular Dynamics and Density-Functional Theory},
  journal = {Phys. Rev. Lett.},
  year    = {1985},
  volume  = {55},
  number  = {22},
  pages   = {2471}
}

@Article{hafner2008ab,
  author  = {Hafner, J{\"u}rgen},
  title   = {Ab-Initio Simulations of Materials Using VASP: Density-Functional Theory and Beyond},
  journal = {J. Comput. Chem.},
  year    = {2008},
  volume  = {29},
  number  = {13},
  pages   = {2044--2078}
}

@Article{smet2002gate,
  author  = {Smet, J. H. and Deutschmann, R. A. and Ertl, F. and Wegscheider, Werner and Abstreiter, Gerhard and von Klitzing, K.},
  title   = {Gate-Voltage Control of Spin Interactions Between Electrons and Nuclei in a Semiconductor},
  journal = {Nature},
  year    = {2002},
  volume  = {415},
  number  = {6869},
  pages   = {281--286}
}

@Article{ballance2016high,
  author  = {Ballance, Christopher J. and Harty, Thomas P. and Linke, Norbert M. and Sepiol, Martin A. and Lucas, David M.},
  title   = {High-Fidelity Quantum Logic Gates Using Trapped-Ion Hyperfine Qubits},
  journal = {Phys. Rev. Lett.},
  year    = {2016},
  volume  = {117},
  number  = {6},
  pages   = {060504}
}

@Article{zhang2012quantum,
  author  = {Zhang, Yi and Wang, Tza-Huei},
  title   = {Quantum Dot Enabled Molecular Sensing and Diagnostics},
  journal = {Theranostics},
  year    = {2012},
  volume  = {2},
  number  = {7},
  pages   = {631}
}
