@article{zanghellini2004testing,
  title={Testing the multi-configuration time-dependent Hartree--Fock method},
  author={Zanghellini, J{\"u}rgen and Kitzler, Markus and Brabec, Thomas and Scrinzi, Armin},
  journal={Journal of Physics B: Atomic, Molecular and Optical Physics},
  volume={37},
  number={4},
  pages={763},
  year={2004},
  publisher={IOP Publishing}
}

@book{nielsen2010quantum,
  title={Quantum computation and quantum information},
  author={Nielsen, Michael A and Chuang, Isaac L},
  year={2010},
  publisher={Cambridge university press}
}

@article{hochstuhl2014time,
  title={Time-dependent multiconfiguration methods for the numerical simulation of photoionization processes of many-electron atoms},
  author={Hochstuhl, David and Hinz, Christopher M and Bonitz, Michael},
  journal={The European Physical Journal Special Topics},
  volume={223},
  number={2},
  pages={177--336},
  year={2014},
  publisher={Springer}
}

@article{Dirac_1939, 
  title={A new notation for quantum mechanics}, 
  volume={35}, DOI={10.1017/S0305004100021162}, 
  number={3}, 
  journal={Mathematical Proceedings of the Cambridge Philosophical Society}, 
  author={Dirac, P. A. M.}, 
  year={1939}, 
  pages={416â€“418}}


@book{hunter2001applied,
  title={Applied analysis},
  author={Hunter, John K and Nachtergaele, Bruno},
  year={2001},
  publisher={World Scientific Publishing Company}
}

@book{Horn_Johnson_2012, place={Cambridge},
  edition={2}, 
  title={Matrix Analysis}, 
  publisher={Cambridge University Press}, 
  author={Horn, Roger A. and Johnson, Charles R.}, 
  year={2012}}

@book{helgaker2013molecular,
  title={Molecular electronic-structure theory},
  author={Helgaker, Trygve and Jorgensen, Poul and Olsen, Jeppe},
  year={2013},
  publisher={John Wiley \& Sons}
}

@article{fock1932konfigurationsraum,
  title={Konfigurationsraum und zweite Quantelung},
  author={Fock, Vladimir},
  journal={Zeitschrift f{\"u}r Physik},
  volume={75},
  number={9},
  pages={622--647},
  year={1932},
  publisher={Springer}
}

@book{szabo1996modern,
  title={Modern quantum chemistry: introduction to advanced electronic structure theory},
  author={Szabo, Attila and Ostlund, Neil S},
  year={1996},
  publisher={Courier Corporation}
}

@article{Yuan_2017,
   title={Addition and removal energies of circular quantum dots},
   volume={147},
   ISSN={1089-7690},
   url={http://dx.doi.org/10.1063/1.4995615},
   DOI={10.1063/1.4995615},
   number={16},
   journal={The Journal of Chemical Physics},
   publisher={AIP Publishing},
   author={Yuan, Fei and Novario, Samuel J. and Parzuchowski, Nathan M. and Reimann, Sarah and Bogner, S. K. and Hjorth-Jensen, Morten},
   year={2017},
   month=oct }


@article{Morse_1929,
  title = {Diatomic Molecules According to the Wave Mechanics. II. Vibrational Levels},
  author = {Morse, Philip M.},
  journal = {Phys. Rev.},
  volume = {34},
  issue = {1},
  pages = {57--64},
  numpages = {0},
  year = {1929},
  month = {Jul},
  publisher = {American Physical Society},
  doi = {10.1103/PhysRev.34.57},
  url = {https://link.aps.org/doi/10.1103/PhysRev.34.57}
}

@article{zhai2018constructing,
  title={Constructing high-accuracy intermolecular potential energy surface with multi-dimension Morse/Long-Range model},
  author={Zhai, Yu and Li, Hui and Le Roy, Robert J},
  journal={Molecular Physics},
  volume={116},
  number={7-8},
  pages={843--853},
  year={2018},
  publisher={Taylor \& Francis}
}